@book{VanderPlas-2016,
 author = {VanderPlas, Jake},
 title = {Python Data Science Handbook: Essential Tools for Working with Data},
 year = {2016},
 isbn = {1491912057, 9781491912058},
 edition = {1st},
 publisher = {O'Reilly Media, Inc.},
} 

@book{Goodfellow-et-al-2016,
    title={Deep Learning},
    author={Ian Goodfellow and Yoshua Bengio and Aaron Courville},
    publisher={MIT Press},
    note={\url{http://www.deeplearningbook.org}},
    year={2016}
}