@article{Tompson2016,
    title = {{Accelerating Eulerian Fluid Simulation With Convolutional Networks}},
    year = {2016},
    author = {Tompson, Jonathan and Schlachter, Kristofer and Sprechmann, Pablo and Perlin, Ken},
    month = {7},
    url = {http://arxiv.org/abs/1607.03597},
    arxivId = {1607.03597}
}

@article{Liu2016a,
    title = {{Application of Deep Convolutional Neural Networks for Detecting Extreme Weather in Climate Datasets}},
    year = {2016},
    journal = {arXive},
    author = {Liu, Yunjie and Racah, Evan and {Prabhat} and Correa, Joaquin and Khosrowshahi, Amir and Lavers, David and Kunkel, Kenneth and Wehner, Michael and Collins, William},
    month = {5},
    pages = {81--88},
    volume = {1605.01156},
    url = {http://arxiv.org/abs/1605.01156},
    isbn = {1601324278},
    doi = {10.475/123},
    issn = {16130073},
    arxivId = {1605.01156},
    keywords = {Entity linking, Information extraction, Twitter, an, climate analytics, convolutional, deep learning, extreme climate events in, extreme events, neural network, pattern recognition, science, terabytes of data presents, unprecedented challenge for climate}
}

@article{Fablet2017,
    title = {{Bilinear residual Neural Network for the identification and forecasting of dynamical systems}},
    year = {2017},
    author = {Fablet, Ronan and Ouala, Said and Herzet, Cedric},
    month = {12},
    url = {http://arxiv.org/abs/1712.07003},
    arxivId = {1712.07003}
}

@inproceedings{Brajard2018,
    title = {{Can a neural network learn a numerical model ?}},
    year = {2018},
    booktitle = {Geophysical Research Abstracts EGU General Assembly},
    author = {Brajard, Julien and Charantonis, Anastase and Sirven, Jérôme},
    pages = {2018--13973},
    volume = {20},
    url = {https://meetingorganizer.copernicus.org/EGU2018/EGU2018-13973.pdf}
}

@article{Schneider2017a,
    title = {{Earth System Modeling 2.0: A Blueprint for Models That Learn From Observations and Targeted High-Resolution Simulations}},
    year = {2017},
    journal = {Geophysical Research Letters},
    author = {Schneider, Tapio and Lan, Shiwei and Stuart, Andrew and Teixeira, João},
    number = {24},
    pages = {396--12},
    volume = {44},
    url = {http://onlinelibrary.wiley.com/doi/10.1002/2017GL076101/epdf},
    doi = {10.1002/2017GL076101},
    issn = {19448007},
    arxivId = {1709.00037},
    keywords = {Earth system models, Kalman inversion, Markov chain Monte Carlo, data assimilation, machine learning, parameterizations}
}

@inproceedings{Lguensat2017,
    title = {{EddyNet: A Deep Neural Network For Pixel-Wise Classification of Oceanic Eddies}},
    year = {2017},
    author = {Lguensat, Redouane and Sun, Miao and Fablet, Ronan and Mason, Evan and Tandeo, Pierre and Chen, Ge},
    month = {11},
    pages = {1--5},
    url = {http://arxiv.org/abs/1711.03954},
    arxivId = {1711.03954}
}

@article{Berner2017,
    title = {{Stochastic Parameterization: Toward a New View of Weather and Climate Models}},
    year = {2017},
    journal = {Bulletin of the American Meteorological Society},
    author = {Berner, Judith and Achatz, Ulrich and Batt{\'{e}}, Lauriane and Bengtsson, Lisa and C{\'{a}}mara, Alvaro de la and Christensen, Hannah M. and Colangeli, Matteo and Coleman, Danielle R. B. and Crommelin, Daan and Dolaptchiev, Stamen I. and Franzke, Christian L. E. and Friederichs, Petra and Imkeller, Peter and J{\"{a}}rvinen, Heikki and Juricke, Stephan and Kitsios, Vassili and Lott, François and Lucarini, Valerio and Mahajan, Salil and Palmer, Timothy N. and Penland, Cécile and Sakradzija, Mirjana and von Storch, Jin-Song and Weisheimer, Antje and Weniger, Michael and Williams, Paul D. and Yano, Jun-Ichi and Berner, Judith and Achatz, Ulrich and Batt{\'{e}}, Lauriane and Bengtsson, Lisa and C{\'{a}}mara, Alvaro de la and Christensen, Hannah M. and Colangeli, Matteo and Coleman, Danielle R. B. and Crommelin, Daan and Dolaptchiev, Stamen I. and Franzke, Christian L. E. and Friederichs, Petra and Imkeller, Peter and J{\"{a}}rvinen, Heikki and Juricke, Stephan and Kitsios, Vassili and Lott, François and Lucarini, Valerio and Mahajan, Salil and Palmer, Timothy N. and Penland, Cécile and Sakradzija, Mirjana and Storch, Jin-Song von and Weisheimer, Antje and Weniger, Michael and Williams, Paul D. and Yano, Jun-Ichi},
    number = {3},
    month = {3},
    pages = {565--588},
    volume = {98},
    url = {http://journals.ametsoc.org/doi/10.1175/BAMS-D-15-00268.1 https://journals.ametsoc.org/doi/pdf/10.1175/BAMS-D-15-00268.1},
    doi = {10.1175/BAMS-D-15-00268.1},
    issn = {0003-0007}
}

@article{Penny2016ASystems,
    title = {{A local particle filter for high-dimensional geophysical systems}},
    year = {2016},
    journal = {Nonlin. Processes Geophys},
    author = {Penny, Stephen G and Miyoshi, Takemasa},
    pages = {391--405},
    volume = {23},
    url = {www.nonlin-processes-geophys.net/23/391/2016/},
    doi = {10.5194/npg-23-391-2016}
}

@article{PfreundschuhAProblems,
    title = {{A neural network approach to estimate a posteriori distributions of Bayesian retrieval problems}},
    author = {Pfreundschuh, Simon and Eriksson, Patrick and Duncan, David and Rydberg, Bengt and H{\aa}kansson, Nina and Thoss, Anke},
    url = {https://www.atmos-meas-tech-discuss.net/amt-2018-91/amt-2018-91.pdf},
    doi = {10.5194/amt-2018-91}
}

@article{Sevellec2018ATrend,
    title = {{A novel probabilistic forecast system predicting anomalously warm 2018-2022 reinforcing the long-term global warming trend}},
    year = {2018},
    journal = {Nature Communications},
    author = {S{\'{e}}vellec, Florian and Drijfhout, Sybren S.},
    number = {1},
    month = {12},
    pages = {3024},
    volume = {9},
    publisher = {Nature Publishing Group},
    url = {http://www.nature.com/articles/s41467-018-05442-8},
    doi = {10.1038/s41467-018-05442-8},
    issn = {2041-1723},
    keywords = {Applied mathematics, Climate sciences, Projection and prediction}
}

@article{Parish2016ALearning,
    title = {{A paradigm for data-driven predictive modeling using field inversion and machine learning}},
    year = {2016},
    journal = {Journal of Computational Physics},
    author = {Parish, Eric J and Duraisamy, Karthik},
    pages = {758--774},
    volume = {305},
    publisher = {Elsevier Inc.},
    url = {http://dx.doi.org/10.1016/j.jcp.2015.11.012},
    doi = {10.1016/j.jcp.2015.11.012},
    issn = {0021-9991},
    keywords = {data-driven modeling}
}

@article{Rodriguez-Galiano2012AnClassification,
    title = {{An assessment of the effectiveness of a random forest classifier for land-cover classification}},
    year = {2012},
    author = {Rodriguez-Galiano, V F and Ghimire, B and Rogan, J and Chica-Olmo, M and Rigol-Sanchez, J P},
    url = {https://ac.els-cdn.com/S0924271611001304/1-s2.0-S0924271611001304-main.pdf?_tid=f139f0a7-6df9-4e75-8be8-6b729220f212&acdnat=1544714543_a3c74c90b10a168b5b6fda05b6c5e97f},
    doi = {10.1016/j.isprsjprs.2011.11.002},
    keywords = {Classification, Land-cover, Landsat Thematic Mapper, Machine learning, Random forest, Remote sensing}
}

@techreport{Sakov2017AnError,
    title = {{An iterative ensemble Kalman filter in presence of additive model error}},
    year = {2017},
    booktitle = {Quarterly Journal of the Royal Meteorological Society Q. J. R. Meteorol. Soc},
    author = {Sakov, Pavel and Haussaire, Jean-Matthieu and Bocquet, Marc},
    pages = {1--16},
    volume = {00},
    url = {https://arxiv.org/pdf/1711.06110.pdf},
    arxivId = {1711.06110v2},
    keywords = {Gauss-Newton minimisation, ensemble Kalman filter, iterative ensemble Kalman filter, model error}
}

@article{BoltonApplicationsParameterisation,
    title = {{Applications of Deep Learning to Ocean Data Inference and Sub-Grid Parameterisation}},
    author = {Bolton, Thomas and Zanna, Laure},
    publisher = {EarthArXiv},
    url = {https://eartharxiv.org/t8uhk/},
    doi = {10.31223/OSF.IO/T8UHK},
    keywords = {Oceanography, Oceanography and Atmospheric Sciences and Meteorology, Physical Sciences and Mathematics, convolutional neural networks, data driven, deep learning, eddies, machine learning, ocean modelling, oceanography, parameterization, turbulence}
}

@article{Fablet2017BilinearSystems,
    title = {{Bilinear residual Neural Network for the identification and forecasting of dynamical systems}},
    year = {2017},
    author = {Fablet, Ronan and Ouala, Said and Herzet, Cedric},
    month = {12},
    url = {http://arxiv.org/abs/1712.07003},
    arxivId = {1712.07003}
}

@article{Fairall2003BulkAlgorithm,
    title = {{Bulk Parameterization of Air–Sea Fluxes: Updates and Verification for the COARE Algorithm}},
    year = {2003},
    journal = {Journal of Climate},
    author = {Fairall, C. W. and Bradley, E. F. and Hare, J. E. and Grachev, A. A. and Edson, J. B. and Fairall, C. W. and Bradley, E. F. and Hare, J. E. and Grachev, A. A. and Edson, J. B.},
    number = {4},
    month = {2},
    pages = {571--591},
    volume = {16},
    url = {http://journals.ametsoc.org/doi/abs/10.1175/1520-0442%282003%29016%3C0571%3ABPOASF%3E2.0.CO%3B2},
    doi = {10.1175/1520-0442(2003)016<0571:BPOASF>2.0.CO;2},
    issn = {0894-8755}
}

@article{Brajard2018Can,
    title = {{Can a neural network learn a numerical model ?}},
    year = {2018},
    journal = {20th EGU General Assembly, EGU2018, Proceedings from the conference held 4-13 April, 2018 in Vienna, Austria, p.13973},
    author = {Brajard, Julien and Charantonis, Anastase and Sirven, Jérôme},
    pages = {13973},
    volume = {20},
    url = {http://adsabs.harvard.edu/abs/2018EGUGA..2013973B}
}

@article{Brunton2017ChaosSystem,
    title = {{Chaos as an intermittently forced linear system}},
    year = {2017},
    journal = {Nature Communications},
    author = {Brunton, Steven L. and Brunton, Bingni W. and Proctor, Joshua L. and Kaiser, Eurika and Kutz, J. Nathan},
    number = {1},
    month = {12},
    pages = {19},
    volume = {8},
    publisher = {Nature Publishing Group},
    url = {http://www.nature.com/articles/s41467-017-00030-8},
    doi = {10.1038/s41467-017-00030-8},
    issn = {2041-1723},
    keywords = {Applied mathematics, Computational science, Scientific data}
}

@article{Ghafarianzadeh2013ClimateCompletion,
    title = {{Climate Prediction via Matrix Completion}},
    year = {2013},
    author = {Ghafarianzadeh, Mahsa and Monteleoni, Claire},
    pages = {35--37},
    keywords = {AAAI Technical Report WS-13-17}
}

@article{PathakContextInpainting,
    title = {{Context Encoders: Feature Learning by Inpainting}},
    author = {Pathak, Deepak and Kr{\"{a}}henb{\"{u}}hl, Philipp and Donahue, Jeff and Darrell, Trevor and Efros, Alexei A},
    url = {http://people.eecs.berkeley.edu/~pathak/papers/cvpr16.pdf}
}

@techreport{LillicrapCONTINUOUSLEARNING,
    title = {{CONTINUOUS CONTROL WITH DEEP REINFORCEMENT LEARNING}},
    author = {Lillicrap, Timothy P and Hunt, Jonathan J and Pritzel, Alexander and Heess, Nicolas and Erez, Tom and Tassa, Yuval and Silver, David and Wierstra, Daan},
    url = {https://goo.gl/J4PIAz},
    arxivId = {arXiv:1509.02971v5}
}

@article{Shi2015ConvolutionalNowcasting,
    title = {{Convolutional LSTM Network: A Machine Learning Approach for Precipitation Nowcasting}},
    year = {2015},
    author = {Shi, Xingjian and Chen, Zhourong and Wang, Hao and Yeung, Dit-Yan and Wong, Wai-Kin and Woo, Wang-Chun},
    url = {https://papers.nips.cc/paper/5955-convolutional-lstm-network-a-machine-learning-approach-for-precipitation-nowcasting.pdf http://arxiv.org/abs/1506.04214},
    isbn = {1884918859},
    doi = {10.1074/jbc.M200827200},
    issn = {10495258},
    pmid = {11884407},
    arxivId = {1506.04214}
}

@incollection{Cintra2018DataModel,
    title = {{Data Assimilation by Artificial Neural Networks for an Atmospheric General Circulation Model}},
    year = {2018},
    booktitle = {Advanced Applications for Artificial Neural Networks},
    author = {Cintra, Rosangela Saher and Velho, Haroldo F. de Campos},
    month = {2},
    publisher = {InTech},
    url = {http://www.intechopen.com/books/advanced-applications-for-artificial-neural-networks/data-assimilation-by-artificial-neural-networks-for-an-atmospheric-general-circulation-model},
    doi = {10.5772/intechopen.70791}
}

@article{Cintra2014DataObservation,
    title = {{Data Assimilation by Artificial Neural Networks for an Atmospheric General Circulation Model: Conventional Observation}},
    year = {2014},
    author = {Cintra, Rosangela S. and Velho, Haroldo F. de Campos},
    url = {http://arxiv.org/abs/1407.4360},
    doi = {10.5772/intechopen.70791},
    arxivId = {1407.4360}
}

@article{Alvera-AzcarateDataAnalyses,
    title = {{Data Interpolating Empirical Orthogonal Functions (DINEOF): a tool for geophysical data analyses}},
    author = {Alvera-Azc{\'{a}}rate, Aida and Barth, Alexander and Sirjacobs, Damien and Lenartz, Fabian and Beckers, Jean-Marie},
    url = {https://orbi.uliege.be/bitstream/2268/87104/1/IMDIS_alvera30sep.pdf},
    keywords = {DINEOF, Missing data reconstruction, software distribution}
}

@techreport{Bar-Sinai2018Data-drivenEquations,
    title = {{Data-driven discretization: a method for systematic coarse graining of partial differential equations}},
    year = {2018},
    author = {Bar-Sinai, Yohai and Hoyer, Stephan and Hickey, Jason and Brenner, Michael P},
    url = {https://arxiv.org/pdf/1808.04930.pdf},
    arxivId = {arXiv:1808.04930v1}
}

@article{KrishnanDeepFilters,
    title = {{Deep Kalman Filters}},
    author = {Krishnan, Rahul G and Shalit, Uri and Sontag, David},
    url = {https://arxiv.org/pdf/1511.05121.pdf}
}

@article{Shi2017DeepModel,
    title = {{Deep Learning for Precipitation Nowcasting: A Benchmark and A New Model}},
    year = {2017},
    author = {Shi, Xingjian and Gao, Zhihan and Lausen, Leonard and Wang, Hao and Yeung, Dit-Yan and Wong, Wai-Kin and Woo, Wang-Chun},
    url = {https://papers.nips.cc/paper/7145-deep-learning-for-precipitation-nowcasting-a-benchmark-and-a-new-model.pdf http://arxiv.org/abs/1706.03458},
    isbn = {0824701712},
    doi = {10.1177/0964663912467814},
    issn = {0964-6639},
    pmid = {877579},
    arxivId = {1706.03458}
}

@article{Kutz2017DeepDynamics,
    title = {{Deep learning in fluid dynamics}},
    year = {2017},
    journal = {Journal of Fluid Mechanics},
    author = {Kutz, J. Nathan},
    pages = {1--4},
    volume = {814},
    doi = {10.1017/jfm.2016.803},
    issn = {14697645},
    keywords = {computational methods, low-dimensional models, turbulence modelling}
}

@article{Brunton2016DiscoveringSystems.,
    title = {{Discovering governing equations from data by sparse identification of nonlinear dynamical systems.}},
    year = {2016},
    journal = {Proceedings of the National Academy of Sciences of the United States of America},
    author = {Brunton, Steven L and Proctor, Joshua L and Kutz, J Nathan},
    number = {15},
    month = {4},
    pages = {3932--7},
    volume = {113},
    publisher = {National Academy of Sciences},
    url = {http://www.ncbi.nlm.nih.gov/pubmed/27035946 http://www.pubmedcentral.nih.gov/articlerender.fcgi?artid=PMC4839439},
    doi = {10.1073/pnas.1517384113},
    issn = {1091-6490},
    pmid = {27035946},
    keywords = {dynamical systems, machine learning, optimization, sparse regression, system identification}
}

@article{VanDenBerge2011EarthLearning,
    title = {{Earth System Dynamics A multi-model ensemble method that combines imperfect models through learning}},
    year = {2011},
    journal = {Earth Syst. Dynam},
    author = {Van Den Berge, L A and Selten, F M and Wiegerinck, W and Duane, G S},
    pages = {161--177},
    volume = {2},
    url = {www.earth-syst-dynam.net/2/161/2011/},
    doi = {10.5194/esd-2-161-2011}
}

@article{VanDenBerge2011EarthLearningb,
    title = {{Earth System Dynamics A multi-model ensemble method that combines imperfect models through learning}},
    year = {2011},
    journal = {Earth Syst. Dynam},
    author = {Van Den Berge, L A and Selten, F M and Wiegerinck, W and Duane, G S},
    pages = {161--177},
    volume = {2},
    url = {www.earth-syst-dynam.net/2/161/2011/},
    doi = {10.5194/esd-2-161-2011}
}

@article{Lguensat2017EddyNet:Eddies,
    title = {{EddyNet: A Deep Neural Network For Pixel-Wise Classification of Oceanic Eddies}},
    year = {2017},
    author = {Lguensat, Redouane and Sun, Miao and Fablet, Ronan and Mason, Evan and Tandeo, Pierre and Chen, Ge},
    url = {https://github.com/redouanelg/EddyNet. http://arxiv.org/abs/1711.03954},
    isbn = {9781538671504},
    arxivId = {1711.03954},
    keywords = {Classification, Convolutional Neural Networks, Deep learning, Index Terms-Mesoscale eddy, Segmentation}
}

@article{SauxPicart2018ExploringTemperatures,
    title = {{Exploring Machine Learning to Correct Satellite-Derived Sea Surface Temperatures}},
    year = {2018},
    author = {Saux Picart, Stéphane and Tandeo, Pierre and Autret, Emmanuelle and Gausset, Blandine},
    url = {https://tandeo.files.wordpress.com/2018/02/remotesensing-10-00224.pdf},
    doi = {10.3390/rs10020224},
    keywords = {machine learning, random forest, sea surface temperature, systematic error}
}

@article{Mcquade2010GlobalNeighborhoods,
    title = {{Global Climate Model Tracking Using Geospatial Neighborhoods}},
    year = {2010},
    author = {Mcquade, Scott and Monteleoni, Claire},
    pages = {335--341},
    keywords = {Special Track on Computational Sustainability and}
}

@article{Pathak2018HybridModel,
    title = {{Hybrid forecasting of chaotic processes: Using machine learning in conjunction with a knowledge-based model}},
    year = {2018},
    journal = {Chaos},
    author = {Pathak, Jaideep and Wikner, Alexander and Fussell, Rebeckah and Chandra, Sarthak and Hunt, Brian R. and Girvan, Michelle and Ott, Edward},
    number = {4},
    volume = {28},
    doi = {10.1063/1.5028373},
    issn = {10541500},
    arxivId = {1803.04779}
}

@article{Krizhevsky2012ImageNetNetworks,
    title = {{ImageNet Classification with Deep Convolutional Neural Networks}},
    year = {2012},
    journal = {Neural Information Processing Systems},
    author = {Krizhevsky, Alex and Hinton, Geoffrey E},
    pages = {1--9},
    url = {http://code.google.com/p/cuda-convnet/},
    isbn = {9781627480031},
    doi = {http://dx.doi.org/10.1016/j.protcy.2014.09.007},
    issn = {10495258},
    pmid = {7491034},
    arxivId = {1102.0183}
}

@article{GrattonLESPATIALE,
    title = {{LE KRIGEAGE : LA M{\'{E}}THODE OPTIMALE D'INTERPOLATION SPATIALE}},
    author = {Gratton, Yves},
    url = {http://www-ia.lip6.fr/~hnguyen/coursan/projets/krigeage/krigeage_juillet2002.pdf},
    keywords = {Krigeage, analyse objective, g{\'{e}}ostatistiques, interpolation de Gauss-Markov, interpolation optimale, interpolation spatiale}
}

@article{Rivkind2017LocalNetworks,
    title = {{Local Dynamics in Trained Recurrent Neural Networks}},
    year = {2017},
    journal = {Physical Review Letters},
    author = {Rivkind, Alexander and Barak, Omri},
    number = {25},
    volume = {118},
    doi = {10.1103/PhysRevLett.118.258101},
    issn = {10797114},
    pmid = {28696758},
    arxivId = {1511.05222}
}

@article{Mcquade2010M,
    title = {{M ULTI - TASK L EARNING FROM A S INGLE T ASK : C AN D IFFERENT F ORECAST P ERIODS BE U SED TO I MPROVE E ACH O THER ?}},
    year = {2010},
    author = {Mcquade, Scott and Monteleoni, Claire},
    number = {October 1998}
}

@techreport{Abarbanel2017MachineAssimilation,
    title = {{Machine Learning as Statistical Data Assimilation}},
    year = {2017},
    author = {Abarbanel, Henry D I and Rozdeba, Paul J and Shirman, Sasha},
    url = {https://arxiv.org/pdf/1710.07276.pdf},
    arxivId = {1710.07276v1}
}

@article{Pathak2018Model-FreeApproach,
    title = {{Model-Free Prediction of Large Spatiotemporally Chaotic Systems from Data: A Reservoir Computing Approach}},
    year = {2018},
    journal = {Physical Review Letters},
    author = {Pathak, Jaideep and Hunt, Brian and Girvan, Michelle and Lu, Zhixin and Ott, Edward},
    number = {2},
    month = {1},
    pages = {024102},
    volume = {120},
    url = {https://link.aps.org/doi/10.1103/PhysRevLett.120.024102},
    doi = {10.1103/PhysRevLett.120.024102},
    issn = {0031-9007}
}

@article{Ouala2018NeuralTemperature,
    title = {{Neural Network Based Kalman Filters for the Spatio-Temporal Interpolation of Satellite-Derived Sea Surface Temperature}},
    year = {2018},
    journal = {Remote Sensing},
    author = {Ouala, Said and Fablet, Ronan and Herzet, Cédric and Chapron, Bertrand and Pascual, Ananda and Collard, Fabrice and Gaultier, Lucile and Ouala, Said and Fablet, Ronan and Herzet, Cédric and Chapron, Bertrand and Pascual, Ananda and Collard, Fabrice and Gaultier, Lucile},
    number = {12},
    month = {11},
    pages = {1864},
    volume = {10},
    publisher = {Multidisciplinary Digital Publishing Institute},
    url = {http://www.mdpi.com/2072-4292/10/12/1864},
    doi = {10.3390/rs10121864},
    issn = {2072-4292},
    keywords = {Kalman filter, data, data assimilation, driven models, dynamical model, interpolation, neural networks}
}

@article{Chen2018NeuralEquations,
    title = {{Neural Ordinary Differential Equations}},
    year = {2018},
    author = {Chen, Ricky T Q and Rubanova, Yulia and Bettencourt, Jesse and Duvenaud, David},
    url = {https://arxiv.org/pdf/1806.07366.pdf http://arxiv.org/abs/1806.07366},
    isbn = {9781139108188},
    doi = {arXiv:1806.07366v3},
    issn = {0140-525X},
    pmid = {1000303116},
    arxivId = {1806.07366}
}

@techreport{ChenNeuralEquations,
    title = {{Neural Ordinary Differential Equations}},
    author = {Chen, Ricky T Q and Rubanova, Yulia and Bettencourt, Jesse and Duvenaud, David},
    url = {https://arxiv.org/pdf/1806.07366.pdf},
    arxivId = {1806.07366v4}
}

@article{Chapman2017ReconstructionMaps,
    title = {{Reconstruction of Subsurface Velocities From Satellite Observations Using Iterative Self-Organizing Maps}},
    year = {2017},
    journal = {IEEE Geoscience and Remote Sensing Letters},
    author = {Chapman, Christopher and Charantonis, Anastase Alexandre},
    number = {5},
    pages = {617--620},
    volume = {14},
    url = {https://ieeexplore.ieee.org/iel7/8859/4357975/07878592.pdf},
    isbn = {1545-598X VO - 14},
    doi = {10.1109/LGRS.2017.2665603},
    issn = {1545598X},
    arxivId = {1607.08469},
    keywords = {Oceans, remote sensing, self-organizing feature maps}
}

@article{Lu2017ReservoirSystems,
    title = {{Reservoir observers: Model-free inference of unmeasured variables in chaotic systems}},
    year = {2017},
    journal = {Chaos: An Interdisciplinary Journal of Nonlinear Science},
    author = {Lu, Zhixin and Pathak, Jaideep and Hunt, Brian and Girvan, Michelle and Brockett, Roger and Ott, Edward},
    number = {4},
    month = {4},
    pages = {041102},
    volume = {27},
    url = {http://aip.scitation.org/doi/10.1063/1.4979665},
    doi = {10.1063/1.4979665},
    issn = {1054-1500}
}

@techreport{LuReservoirSystems,
    title = {{Reservoir Observers: Model-free Inference of Unmeasured Variables in Chaotic Systems}},
    author = {Lu, Zhixin and Pathak, Jaideep and Hunt, Brian and Girvan, Michelle and Brockett, Roger and Ott, Edward},
    url = {https://aip.scitation.org/doi/am-pdf/10.1063/1.4979665}
}

@article{Makridakis2018StatisticalForward,
    title = {{Statistical and Machine Learning forecasting methods: Concerns and ways forward}},
    year = {2018},
    journal = {PLoS ONE},
    author = {Makridakis, Spyros and Spiliotis, Evangelos and Assimakopoulos, Vassilios},
    number = {3},
    pages = {1--26},
    volume = {13},
    isbn = {1111111111},
    doi = {10.1371/journal.pone.0194889},
    issn = {19326203},
    pmid = {29584784}
}

@article{Krishnan2015StructuredModels,
    title = {{Structured Inference Networks for Nonlinear State Space Models}},
    year = {2015},
    author = {Krishnan, Rahul G and Shalit, Uri and Sontag, David},
    pages = {2101--2109},
    keywords = {Machine Learning Methods}
}

@article{Fougnie2018TheCharacterization,
    title = {{The multi-viewing multi-channel multi-polarisation imager – Overview of the 3MI polarimetric mission for aerosol and cloud characterization}},
    year = {2018},
    journal = {Journal of Quantitative Spectroscopy and Radiative Transfer},
    author = {Fougnie, Bertrand and Marbach, Thierry and Lacan, Antoine and Lang, Ruediger and Schl{\"{u}}ssel, Peter and Poli, Gabriele and Munro, Rosemary and Couto, André B.},
    month = {11},
    pages = {23--32},
    volume = {219},
    publisher = {Pergamon},
    url = {https://www.sciencedirect.com/science/article/pii/S002240731830373X},
    doi = {10.1016/J.JQSRT.2018.07.008},
    issn = {0022-4073}
}

@article{DeBezenac2017TowardsModeling,
    title = {{Towards a Hybrid Approach to Physical Process Modeling}},
    year = {2017},
    author = {De B{\'{e}}zenac, Emmanuel and Pajot, Arthur and Lip6, Patrick Gallinari},
    url = {https://dl4physicalsciences.github.io/files/nips_dlps_2017_9.pdf}
}

@article{Pathak2017UsingData,
    title = {{Using machine learning to replicate chaotic attractors and calculate Lyapunov exponents from data}},
    year = {2017},
    journal = {Chaos},
    author = {Pathak, Jaideep and Lu, Zhixin and Hunt, Brian R. and Girvan, Michelle and Ott, Edward},
    number = {12},
    month = {12},
    pages = {121102},
    volume = {27},
    url = {http://aip.scitation.org/doi/10.1063/1.5010300},
    doi = {10.1063/1.5010300},
    issn = {10541500},
    arxivId = {1710.07313}
}

@article{Blei2017VariationalStatisticians,
    title = {{Variational Inference : A Review for Statisticians}},
    year = {2017},
    author = {Blei, David M and Kucukelbir, Alp and Mcauliffe, Jon D},
    pages = {1--41},
    arxivId = {arXiv:1601.00670v7},
    keywords = {algorithms, computationally intensive methods, statistical computing}
}